<?xml version="1.0" encoding="UTF-8"?><collection xmlns="http://www.loc.gov/MARC21/slim"><record><leader>00637nam--2200205-u-4500</leader><controlfield tag="001">000051202</controlfield><controlfield tag="002">20161230</controlfield><controlfield tag="005">20161230201049</controlfield><controlfield tag="008">080530s1000------------r-----000-0-eng-d</controlfield><datafield ind1=" " ind2=" " tag="020"><subfield code="a">1860946283</subfield></datafield><datafield ind1=" " ind2=" " tag="040"><subfield code="a">IFIN-HH</subfield></datafield><datafield ind1=" " ind2=" " tag="080"><subfield code="a">538.91:543.427.34</subfield></datafield><datafield ind1="1" ind2=" " tag="100"><subfield code="a">Grutter, Peter ; Hofer, Werner ; Rosei, Frederico (Eds.)</subfield></datafield><datafield ind1="1" ind2="0" tag="245"><subfield code="a">Properties of Single Organic Molecules on Crystal Surfaces</subfield><subfield code="c">Peter Grutter; Werner Hofer; Fererico Rosei (Eds.)</subfield></datafield><datafield ind1=" " ind2=" " tag="260"><subfield code="a">London</subfield><subfield code="b">Imperial College Press</subfield><subfield code="c">2006</subfield></datafield><datafield ind1=" " ind2=" " tag="300"><subfield code="a">430 p</subfield></datafield><datafield ind1=" " ind2="4" tag="650"><subfield code="a">Crystal</subfield></datafield><datafield ind1="1" ind2=" " tag="700"><subfield code="a">Rosei, Frederico</subfield><subfield code="e">Ed</subfield></datafield><datafield ind1=" " ind2=" " tag="852"><subfield code="a">82018</subfield><subfield code="c">538.9</subfield></datafield><datafield ind1=" " ind2=" " tag="CAT"><subfield code="a">Sys</subfield><subfield code="c">20110104</subfield><subfield code="h">143044</subfield></datafield></record></collection>